<?xml version="1.0" encoding="UTF-8"?><collection xmlns="http://www.loc.gov/MARC21/slim"><record><leader>00665nam--2200193-i-4500</leader><controlfield tag="001">000001516</controlfield><controlfield tag="002">20161230</controlfield><controlfield tag="005">20161230201024</controlfield><controlfield tag="008">060222s1000------------r-----000-0-eng-d</controlfield><datafield ind1=" " ind2=" " tag="040"><subfield code="a">IFIN-HH</subfield></datafield><datafield ind1=" " ind2=" " tag="080"><subfield code="a">541.18:539.143.43:543.422.25(061.3)538.971</subfield></datafield><datafield ind1="1" ind2=" " tag="100"><subfield code="a">Fraissard, Jacques P</subfield></datafield><datafield ind1="1" ind2="0" tag="245"><subfield code="a">Magnetic resonance in colloid and interface science. proceedings, menton, france, 1979</subfield><subfield code="c">Jacques p. fraissard, henry a. resing (eds.)</subfield></datafield><datafield ind1=" " ind2=" " tag="260"><subfield code="a">Dordrecht</subfield><subfield code="b">D.Reidel Publishing Company</subfield><subfield code="c">1980</subfield></datafield><datafield ind1=" " ind2=" " tag="300"><subfield code="a">XV + 716 P</subfield></datafield><datafield ind1=" " ind2=" " tag="490"><subfield code="a">Nato Advanced Study Institute Series C, 61</subfield></datafield><datafield ind1="1" ind2=" " tag="700"><subfield code="a">Resing, Henry A</subfield><subfield code="e">Ed</subfield></datafield><datafield ind1=" " ind2=" " tag="852"><subfield code="a">42548</subfield><subfield code="c">53</subfield></datafield><datafield ind1=" " ind2=" " tag="CAT"><subfield code="a">Sys</subfield><subfield code="c">20150323</subfield><subfield code="h">132340</subfield></datafield></record></collection>